
@inproceedings{kim2014cnn,
  title={Convolutional Neural Networks for Sentence Classification},
  author={Kim, Yoon},
  booktitle={EMNLP},
  year={2014}
}

@inproceedings{yang2016han,
  title={Hierarchical Attention Networks for Document Classification},
  author={Yang, Zichao and others},
  booktitle={NAACL},
  year={2016}
}

@inproceedings{devlin2019bert,
  title={BERT: Pre-training of Deep Bidirectional Transformers for Language Understanding},
  author={Devlin, Jacob and others},
  booktitle={NAACL},
  year={2019}
}

@article{liu2019roberta,
  title={RoBERTa: A Robustly Optimized BERT Pretraining Approach},
  author={Liu, Yinhan and others},
  journal={arXiv:1907.11692},
  year={2019}
}

@inproceedings{beltagy2020longformer,
  title={Longformer: The Long-Document Transformer},
  author={Beltagy, Iz and others},
  booktitle={arXiv:2004.05150},
  year={2020}
}

@misc{amazon2018customerreviews,
  title={Amazon Customer Reviews Dataset (2018 release)},
  howpublished={https://registry.opendata.aws/amazon-reviews-ml/},
  year={2018},
  note={Movies \& TV category used in this work}
}
